% Encoding: UTF-8

@Misc{TechnikFHNW2014,
  author       = {Physikzentrum - Hochschule f√ºr Technik FHNW},
  title        = {09 Interferenz und Beugung},
  howpublished = {Dokument},
  month        = jun,
  year         = {2014},
}

@Misc{Angaben2011,
  author       = {Keine Angaben},
  title        = {Theorie Beugung},
  howpublished = {Dokument},
  month        = may,
  year         = {2011},
}

@Misc{PhysikkeineAngaben,
  author       = {Leif Physik},
  title        = {Helium Neon Laser},
  howpublished = {\url{https://www.leifiphysik.de/atomphysik/laser/versuche/helium-neon-laser}},
  year         = {keine Angaben},
  note         = {[Online Available: 12.05.2018]},
  timestamp    = {2018-05-12},
}

@Comment{jabref-meta: databaseType:bibtex;}
